<record xmlns="http://www.loc.gov/MARC21/slim" xmlns:xsi="http://www.w3.org/2001/XMLSchema-instance" xsi:schemaLocation="http://www.loc.gov/MARC21/slim http://www.loc.gov/standards/marcxml/schema/MARC21slim.xsd"><leader>01759nam a2200397   4500</leader><controlfield tag="001">6823897</controlfield><controlfield tag="003">NIC</controlfield><controlfield tag="006">m        d        </controlfield><controlfield tag="007">cr cn |||m|||a</controlfield><controlfield tag="008">150222s1952    le      od    001 0 ara  </controlfield><datafield ind1=" " ind2=" " tag="040"><subfield code="a">NNU</subfield><subfield code="b">eng</subfield><subfield code="e">rda</subfield><subfield code="c">NNU</subfield></datafield><datafield ind1=" " ind2=" " tag="043"><subfield code="a">a-sy---</subfield></datafield><datafield ind1="0" ind2="0" tag="050"><subfield code="a">PJ6815</subfield><subfield code="b">.R5 1952</subfield></datafield><datafield ind1="1" ind2=" " tag="100"><subfield code="6">880-01</subfield><subfield code="a">Rid&#803;a&#772;, Ah&#803;mad,</subfield><subfield code="d">1872-1953.</subfield></datafield><datafield ind1="1" ind2="0" tag="245"><subfield code="6">880-02</subfield><subfield code="a">Radd al-&#699;a&#772;mmi&#772; ila&#769; al-fas&#803;i&#772;h&#803; /</subfield><subfield code="c">li-mu&#700;allifihi Ah&#803;mad Rid&#803;a&#772;.</subfield></datafield><datafield ind1=" " ind2=" " tag="260"><subfield code="6">880-03</subfield><subfield code="a">S&#803;ayda&#772; :</subfield><subfield code="b">Da&#772;r al-&#699;Irfa&#772;n,</subfield><subfield code="c">1952.</subfield></datafield><datafield ind1=" " ind2=" " tag="300"><subfield code="a">online resource (442 pages)</subfield></datafield><datafield ind1=" " ind2=" " tag="336"><subfield code="a">text</subfield><subfield code="2">rdacontent</subfield></datafield><datafield ind1=" " ind2=" " tag="337"><subfield code="a">computer</subfield><subfield code="2">rdamedia</subfield></datafield><datafield ind1=" " ind2=" " tag="338"><subfield code="a">online resource</subfield><subfield code="2">rdacarrier</subfield></datafield><datafield ind1=" " ind2=" " tag="500"><subfield code="a">Part of the Arabic Collections Online (ACO) project, contributed by Cornell University Libraries.</subfield></datafield><datafield ind1=" " ind2=" " tag="533"><subfield code="a">Electronic reproduction.</subfield><subfield code="b">New York, N.Y. :</subfield><subfield code="c">New York University,</subfield><subfield code="d">2015.</subfield><subfield code="5">NNU</subfield></datafield><datafield ind1=" " ind2="0" tag="650"><subfield code="a">Arabic language</subfield><subfield code="x">Dialects</subfield><subfield code="z">Syria.</subfield></datafield><datafield ind1=" " ind2="0" tag="650"><subfield code="a">Arabic language</subfield><subfield code="x">Reform.</subfield></datafield><datafield ind1=" " ind2="7" tag="650"><subfield code="a">Arabic language</subfield><subfield code="x">Dialects.</subfield><subfield code="2">fast</subfield><subfield code="0">(OCoLC)fst00812310</subfield></datafield><datafield ind1=" " ind2="7" tag="650"><subfield code="a">Arabic language</subfield><subfield code="x">Reform.</subfield><subfield code="2">fast</subfield><subfield code="0">(OCoLC)fst00812412</subfield></datafield><datafield ind1=" " ind2="7" tag="651"><subfield code="a">Syria.</subfield><subfield code="2">fast</subfield><subfield code="0">(OCoLC)fst01208757</subfield></datafield><datafield ind1="2" ind2=" " tag="710"><subfield code="a">Cornell University.</subfield><subfield code="b">Libraries.</subfield></datafield><datafield ind1="0" ind2=" " tag="730"><subfield code="a">Arabic Collections Online.</subfield></datafield><datafield ind1="0" ind2="8" tag="776"><subfield code="i">Print version:</subfield><subfield code="a">Rid&#803;a&#772;, Ah&#803;mad, 1872-1953.</subfield><subfield code="t">Radd al-&#699;a&#772;mmi&#772; ila&#769; al-fas&#803;i&#772;h&#803;</subfield><subfield code="w">(NIC)6823897</subfield><subfield code="w">(DLC)   90963268 </subfield><subfield code="w">(OCoLC)24411564</subfield></datafield><datafield ind1="4" ind2="0" tag="856"><subfield code="u">http://hdl.handle.net/2333.1/31zcrmjz</subfield></datafield><datafield ind1="1" ind2=" " tag="880"><subfield code="6">100-01/r</subfield><subfield code="a">&#1585;&#1590;&#1575;&#1548; &#1571;&#1581;&#1605;&#1583;.</subfield></datafield><datafield ind1="1" ind2="0" tag="880"><subfield code="6">245-02/r</subfield><subfield code="a">&#1585;&#1583; &#1575;&#1604;&#1593;&#1575;&#1605;&#1610; &#1573;&#1604;&#1609; &#1575;&#1604;&#1601;&#1589;&#1610;&#1581; /</subfield><subfield code="c">&#1604;&#1605;&#1572;&#1604;&#1601;&#1607; &#1571;&#1581;&#1605;&#1583; &#1585;&#1590;&#1575;.</subfield></datafield><datafield ind1=" " ind2=" " tag="880"><subfield code="6">260-03/r</subfield><subfield code="a">&#1589;&#1610;&#1583;&#1575; :</subfield><subfield code="b">&#1583;&#1575;&#1585; &#1575;&#1604;&#1593;&#1585;&#1601;&#1575;&#1606;&#1548;</subfield><subfield code="c">1952.</subfield></datafield><datafield ind1=" " ind2=" " tag="959"><subfield code="a">NNU</subfield><subfield code="b">WEB</subfield><subfield code="c">GENI</subfield><subfield code="t">0</subfield><subfield code="m">Electronic access</subfield><subfield code="s">01</subfield></datafield><datafield ind1=" " ind2=" " tag="999"><subfield code="i">NIC_6823897</subfield><subfield code="o">(OCoLC)ocm24411564 </subfield><subfield code="s">cornell_aco000192</subfield></datafield></record>